<?xml version="1.0" encoding="UTF-8"?><collection xmlns="http://www.loc.gov/MARC21/slim"><record><leader>00396nam--2200133-i-4500</leader><controlfield tag="001">000008336</controlfield><controlfield tag="002">20161230</controlfield><controlfield tag="005">20161230201027</controlfield><controlfield tag="008">060222s1000------------r-----000-0-eng-d</controlfield><datafield ind1=" " ind2=" " tag="080"><subfield code="a">621.039.54</subfield></datafield><datafield ind1=" " ind2=" " tag="245"><subfield code="a">Les brevets en matiere de detection de ruptu res de gaines. etude realisee par..</subfield></datafield><datafield ind1=" " ind2=" " tag="260"><subfield code="a">Saclay, Commissariat A L Energie Atomique, 1966 141 P</subfield></datafield><datafield ind1=" " ind2=" " tag="490"><subfield code="a">Bibliographies</subfield></datafield><datafield ind1=" " ind2=" " tag="852"><subfield code="a">D1021</subfield></datafield></record></collection>